[gd_scene load_steps=22 format=2]

[ext_resource path="res://densedepth/depth_360.shader" type="Shader" id=1]
[ext_resource path="res://densedepth/textures/McConnell-traditional-double-Female-room-hd.jpg" type="Texture" id=2]
[ext_resource path="res://densedepth/textures/McConnell-traditional-double-Female-room-depth.png" type="Texture" id=3]
[ext_resource path="res://densedepth/textures/depth_accel.curvetex" type="Texture" id=4]
[ext_resource path="res://densedepth/textures/room7.jpg" type="Texture" id=5]
[ext_resource path="res://densedepth/textures/room7-depth.png" type="Texture" id=6]
[ext_resource path="res://densedepth/textures/dream_colorfully.jpg" type="Texture" id=7]
[ext_resource path="res://densedepth/textures/dream_colorfully-depth.png" type="Texture" id=8]

[sub_resource type="Curve" id=1]
min_value = 0.99
max_value = 3.0
bake_resolution = 1000
_data = [ Vector2( 0, 1 ), 0.0, 0.109313, 0, 0, Vector2( 1, 2.79467 ), 4.31854, 0.0, 0, 0 ]

[sub_resource type="CurveTexture" id=2]
curve = SubResource( 1 )

[sub_resource type="ShaderMaterial" id=3]
shader = ExtResource( 1 )
shader_param/albedo = Color( 1, 1, 1, 1 )
shader_param/specular = 0.5
shader_param/metallic = 0.0
shader_param/roughness = 0.147
shader_param/point_size = 1.0
shader_param/metallic_texture_channel = Plane( 1, 0, 0, 0 )
shader_param/roughness_texture_channel = Plane( 1, 0, 0, 0 )
shader_param/uv1_scale = Vector3( 1, 1, 1 )
shader_param/uv1_offset = Vector3( 0, 0, 0 )
shader_param/uv2_scale = Vector3( 1, 1, 1 )
shader_param/uv2_offset = Vector3( 0, 0, 0 )
shader_param/depth = 2.0
shader_param/depth_power = 1.0
shader_param/kernel = Basis( 0.2, 0.45, 0.2, 0.45, 1, 0.45, 0.2, 0.45, 0.2 )
shader_param/depth_smooth = 0.01
shader_param/normal_smooth = 0.01
shader_param/degree_start = 0.0
shader_param/degree_end = 360.0
shader_param/texture_albedo = ExtResource( 2 )
shader_param/texture_depth = ExtResource( 3 )
shader_param/texture_accel = SubResource( 2 )

[sub_resource type="PlaneMesh" id=4]
custom_aabb = AABB( -1, -2.5, -2.5, 2, 5, 5 )
subdivide_width = 120
subdivide_depth = 100

[sub_resource type="SpatialMaterial" id=5]
albedo_color = Color( 1, 0, 0.470588, 1 )
roughness = 0.0

[sub_resource type="SphereMesh" id=6]

[sub_resource type="SpatialMaterial" id=7]
flags_unshaded = true
albedo_texture = ExtResource( 2 )

[sub_resource type="PlaneMesh" id=8]

[sub_resource type="SpatialMaterial" id=9]
flags_unshaded = true
albedo_texture = ExtResource( 3 )

[sub_resource type="ShaderMaterial" id=10]
shader = ExtResource( 1 )
shader_param/albedo = Color( 1, 1, 1, 1 )
shader_param/specular = 0.5
shader_param/metallic = 0.0
shader_param/roughness = 1.0
shader_param/point_size = 1.0
shader_param/metallic_texture_channel = Plane( 1, 0, 0, 0 )
shader_param/roughness_texture_channel = Plane( 1, 0, 0, 0 )
shader_param/uv1_scale = Vector3( 1, 1, 1 )
shader_param/uv1_offset = Vector3( 0, 0, 0 )
shader_param/uv2_scale = Vector3( 1, 1, 1 )
shader_param/uv2_offset = Vector3( 0, 0, 0 )
shader_param/depth = 2.0
shader_param/depth_power = 1.0
shader_param/kernel = Basis( 0.2, 0.45, 0.2, 0.45, 1, 0.45, 0.2, 0.45, 0.2 )
shader_param/depth_smooth = 0.01
shader_param/normal_smooth = 0.015
shader_param/degree_start = null
shader_param/degree_end = 360.0
shader_param/texture_albedo = ExtResource( 5 )
shader_param/texture_depth = ExtResource( 6 )
shader_param/texture_accel = ExtResource( 4 )

[sub_resource type="ShaderMaterial" id=11]
shader = ExtResource( 1 )
shader_param/albedo = Color( 1, 1, 1, 1 )
shader_param/specular = 0.5
shader_param/metallic = 0.1
shader_param/roughness = 0.0
shader_param/point_size = 1.0
shader_param/metallic_texture_channel = Plane( 1, 0, 0, 0 )
shader_param/roughness_texture_channel = Plane( 1, 0, 0, 0 )
shader_param/uv1_scale = Vector3( 1, 1, 1 )
shader_param/uv1_offset = Vector3( 0, 0, 0 )
shader_param/uv2_scale = Vector3( 1, 1, 1 )
shader_param/uv2_offset = Vector3( 0, 0, 0 )
shader_param/depth = 2.0
shader_param/depth_power = 1.0
shader_param/kernel = Basis( 0.2, 0.45, 0.2, 0.45, 1, 0.45, 0.2, 0.45, 0.2 )
shader_param/depth_smooth = 0.005
shader_param/normal_smooth = 0.04
shader_param/degree_start = 0.0
shader_param/degree_end = 360.0
shader_param/texture_albedo = ExtResource( 7 )
shader_param/texture_depth = ExtResource( 8 )
shader_param/texture_accel = ExtResource( 4 )

[sub_resource type="SpatialMaterial" id=12]
flags_unshaded = true
albedo_texture = ExtResource( 7 )

[sub_resource type="SpatialMaterial" id=13]
flags_unshaded = true
albedo_texture = ExtResource( 8 )

[node name="densedepth" type="Spatial"]

[node name="double-female" type="MeshInstance" parent="."]
editor/display_folded = true
transform = Transform( 1, 0, 0, 0, -4.37114e-08, -1, 0, 1, -4.37114e-08, 0, 0, 0 )
material_override = SubResource( 3 )
mesh = SubResource( 4 )
material/0 = null

[node name="spot" type="SpotLight" parent="double-female"]
transform = Transform( 1, 0, 0, 0, -1, 8.74228e-08, 0, -8.74228e-08, -1, 0, 2.42167e-07, -2.77007 )
shadow_enabled = true
spot_range = 24.2233

[node name="ball" type="MeshInstance" parent="double-female"]
transform = Transform( 0.16665, 0, 0, 0, 0.16665, 0, 0, 0, 0.16665, 0.811893, -0.412233, -0.22106 )
material_override = SubResource( 5 )
mesh = SubResource( 6 )
material/0 = null

[node name="im" type="MeshInstance" parent="double-female"]
transform = Transform( 0.0743687, 0.159501, 0, -0.23973, 0.0494804, 0, 0, 0, 0.167, -1.10945, -0.431657, -0.506887 )
material_override = SubResource( 7 )
mesh = SubResource( 8 )
material/0 = null

[node name="depth" type="MeshInstance" parent="double-female"]
transform = Transform( 0.15486, 0.131426, 0, -0.197533, 0.103035, 0, 0, 0, 0.167, -0.871416, -0.880747, -0.506886 )
material_override = SubResource( 9 )
mesh = SubResource( 8 )
material/0 = null

[node name="room7" type="MeshInstance" parent="."]
editor/display_folded = true
transform = Transform( 1, 0, 0, 0, -4.37114e-08, -1, 0, 1, -4.37114e-08, 0, 0, 0 )
visible = false
material_override = SubResource( 10 )
mesh = SubResource( 4 )
material/0 = null

[node name="point" type="OmniLight" parent="room7"]
transform = Transform( 1, 0, 0, 0, -4.37114e-08, 1, 0, -1, -4.37114e-08, 0.809245, -1.00196, -0.226054 )
light_energy = 1.59
omni_range = 0.866243

[node name="point2" type="OmniLight" parent="room7"]
transform = Transform( 1, 0, 0, 0, -4.37114e-08, 1, 0, -1, -4.37114e-08, -0.24639, -0.703146, -0.293545 )
light_energy = 1.59
omni_range = 1.23042

[node name="point3" type="OmniLight" parent="room7"]
transform = Transform( 1, 0, 0, 0, -4.37114e-08, 1, 0, -1, -4.37114e-08, -0.237538, 0.919391, -0.118401 )
light_energy = 1.59
omni_range = 1.25201

[node name="dream_colorfully" type="MeshInstance" parent="."]
editor/display_folded = true
transform = Transform( 1, 0, -4.37114e-08, -4.37114e-08, 1.91069e-15, -1, 0, 1, 1.91069e-15, 0, 0, 0 )
visible = false
material_override = SubResource( 11 )
mesh = SubResource( 4 )
material/0 = null

[node name="point" type="OmniLight" parent="dream_colorfully"]
transform = Transform( 1, 0, 0, 0, -4.37114e-08, 1, 0, -1, -4.37114e-08, 0.743429, 0.53396, -0.215829 )
light_energy = 2.26
shadow_enabled = true
omni_range = 1.23042

[node name="point2" type="OmniLight" parent="dream_colorfully"]
transform = Transform( 1, -3.65072e-30, 8.35187e-23, 0, -4.37114e-08, 1, 0, -1, -4.37114e-08, -0.61054, 0.53438, -0.00409686 )
light_energy = 2.26
shadow_enabled = true
omni_range = 1.23042

[node name="point3" type="OmniLight" parent="dream_colorfully"]
transform = Transform( 1, 0, 0, 0, -4.37114e-08, 1, 0, -1, -4.37114e-08, 1.27449, -0.351968, -0.0755166 )
light_energy = 1.87
shadow_enabled = true
omni_range = 0.645698

[node name="ball" type="MeshInstance" parent="dream_colorfully"]
transform = Transform( 0.16665, 3.18416e-16, 7.2845e-09, 1.39184e-23, 0.16665, -7.2845e-09, -7.2845e-09, 7.2845e-09, 0.16665, -0.294314, 1.07293, -0.126004 )
material_override = SubResource( 5 )
mesh = SubResource( 6 )
material/0 = null

[node name="im" type="MeshInstance" parent="dream_colorfully"]
transform = Transform( 0.0791093, 0.159501, 7.2998e-09, -0.255011, 0.0494804, -7.2998e-09, -1.46049e-08, -4.80917e-09, 0.167, -0.890821, -0.363833, -0.506886 )
material_override = SubResource( 12 )
mesh = SubResource( 8 )
material/0 = null

[node name="depth" type="MeshInstance" parent="dream_colorfully"]
transform = Transform( 0.204435, 0.107419, 7.2998e-09, -0.171742, 0.127868, -7.2998e-09, -1.64432e-08, 8.93837e-10, 0.167, -0.558652, -0.825946, -0.506887 )
material_override = SubResource( 13 )
mesh = SubResource( 8 )
material/0 = null

[node name="cam" type="Camera" parent="."]
transform = Transform( -1, 0, -8.74228e-08, 0, 1, 0, 8.74228e-08, 0, -1, 0, 0, -11.8421 )
